@article{1965_Harlow,
  title={Numerical calculation of time-dependent viscous incompressible flow of fluid with free surface},
  author={Harlow, F. H. and Welch, J. E.},
  journal={Phys. Fluids},
  volume={8},
  number={12},
  pages={2182--2189},
  year={1965},
  publisher={Am. Inst. Phys.}
}

@article{1989_Bell,
  title={A second-order projection method for the incompressible Navier-Stokes equations},
  author={Bell, J. B. and Colella, P. and Glaz, H. M.},
  journal={J. Comput. Phys.},
  volume={85},
  number={2},
  pages={257--283},
  year={1989},
  publisher={Elsevier}
}

@techreport{1995_Wesseling,
  title={Introduction to multigrid methods},
  author={Wesseling, P.},
  year={1995}
}

@article{1998_Rider,
  title={Reconstructing volume tracking},
  author={Rider, W. J. and Kothe, D. B.},
  journal={J. Comput. Phys.},
  volume={141},
  number={2},
  pages={112--152},
  year={1998},
  publisher={Elsevier}
}

@book{1998_Martin,
  title={An adaptive cell-centered projection method for the incompressible Euler equations},
  author={Martin, D. F.},
  year={1998},
  publisher={Univ. California, Berkeley}
}

@article{2000_Almgren,
  title={Approximate projection methods: Part I. Inviscid analysis},
  author={Almgren, A. S. and Bell, J. B. and Crutchfield, W. Y.},
  journal={SIAM J. Sci. Comput.},
  volume={22},
  number={4},
  pages={1139--1159},
  year={2000},
  publisher={SIAM}
}

@article{2000_Martin,
  title={A cell-centered adaptive projection method for the incompressible Euler equations},
  author={Martin, D. F. and Colella, P.},
  journal={J. Comput. Phys.},
  volume={163},
  number={2},
  pages={271--312},
  year={2000},
  publisher={Elsevier}
}

@article{2003_Popinet,
  title={Gerris: a tree-based adaptive solver for the incompressible Euler equations in complex geometries},
  author={Popinet, S.},
  journal={J. Comput. Phys.},
  volume={190},
  number={2},
  pages={572--600},
  year={2003},
  publisher={Elsevier}
}

@article{2003_Scardovelli,
  title={Interface reconstruction with least-square fit and split Eulerian--Lagrangian advection},
  author={Scardovelli, R. and Zaleski, S.},
  journal={Int. J. Numer. Methods Fluids},
  volume={41},
  number={3},
  pages={251--274},
  year={2003},
  publisher={Wiley Online Library}
}

@article{2010_Weymouth,
  title={Conservative volume-of-fluid method for free-surface simulations on Cartesian grids},
  author={Weymouth, G. D. and Yue, D. K-P.},
  journal={J. Comput. Phys.},
  volume={229},
  number={8},
  pages={2853--2865},
  year={2010},
  publisher={Elsevier}
}

@book{2010_Moin,
  title={Fundamentals of engineering numerical analysis},
  author={Moin, P.},
  year={2010},
  publisher={Cambridge Univ. Press}
}

@book{2011_Gretar,
  title={Direct numerical simulations of gas-liquid multiphase flows},
  author={Gretar, T. and Ruben, S. and Zaleski, S.},
  year={2011},
  publisher={Cambridge Univ. Press}
}

@article{2015_Lopez,
  title={Electrokinetic effects in the breakup of electrified jets: A volume-of-fluid numerical study},
  author={Lopez-Herrera, J. M. and Ganan-Calvo, A. M. and Popinet, S. and Herrada, M. A.},
  journal={Int. J. Multiph. Flow},
  volume={71},
  pages={14--22},
  year={2015},
  publisher={Elsevier}
}

@article{2015_Popinet,
  title={A quadtree-adaptive multigrid solver for the Serre--Green--Naghdi equations},
  author={Popinet, S.},
  journal={J. Comput. Phys.},
  volume={302},
  pages={336--358},
  year={2015},
  publisher={Elsevier}
}

@article{2018_VanHooft,
  title={Towards adaptive grids for atmospheric boundary-layer simulations},
  author={Van Hooft, J. A. and Popinet, S. and Van Heerwaarden, C. C. and Van der Linden, S. J. A. and De Roode, S. R. and Van de Wiel, B. J. H.},
  journal={Bound.-Layer Meteorol.},
  volume={167},
  pages={421--443},
  year={2018},
  publisher={Springer}
}

@misc{2024_Cipriano,
  author={Cipriano, E.},
  title={Introduction for centered.h},
  howpublished={\url{http://basilisk.fr/sandbox/ecipriano/doc/centered}},
  year={2024},
}
