@article{popinet2003gerris,
  title={Gerris: a tree-based adaptive solver for the incompressible Euler equations in complex geometries},
  author={Popinet, St{\'e}phane},
  journal={Journal of computational physics},
  volume={190},
  number={2},
  pages={572--600},
  year={2003},
  publisher={Elsevier}
}

@article{harlow1965numerical,
  title={Numerical calculation of time-dependent viscous incompressible flow of fluid with free surface},
  author={Harlow, Francis H and Welch, J Eddie},
  journal={The physics of fluids},
  volume={8},
  number={12},
  pages={2182--2189},
  year={1965},
  publisher={American Institute of Physics}
}

@article{martin2000cell,
  title={A cell-centered adaptive projection method for the incompressible Euler equations},
  author={Martin, Daniel F and Colella, Phillip},
  journal={Journal of computational Physics},
  volume={163},
  number={2},
  pages={271--312},
  year={2000},
  publisher={Elsevier}
}

%%%%%%%%%%%%%%%%%%%%%%%%%%%%%%%%%%%%%%%%%%
@book{moin2010fundamentals,
  title={Fundamentals of engineering numerical analysis},
  author={Moin, Parviz},
  year={2010},
  publisher={Cambridge University Press}
}

@techreport{wesseling1995introduction,
  title={Introduction to multigrid methods},
  author={Wesseling, Pieter},
  year={1995}
}

@article{van2018towards,
  title={Towards adaptive grids for atmospheric boundary-layer simulations},
  author={Van Hooft, J Antoon and Popinet, St{\'e}phane and Van Heerwaarden, Chiel C and Van der Linden, Steven JA and De Roode, Stephan R and Van de Wiel, Bas JH},
  journal={Boundary-layer meteorology},
  volume={167},
  pages={421--443},
  year={2018},
  publisher={Springer}
}

@article{popinet2015quadtree,
  title={A quadtree-adaptive multigrid solver for the Serre--Green--Naghdi equations},
  author={Popinet, St{\'e}phane},
  journal={Journal of Computational Physics},
  volume={302},
  pages={336--358},
  year={2015},
  publisher={Elsevier}
}
