@article{bell1989second,
  title={A second-order projection method for the incompressible Navier-Stokes equations},
  author={Bell, John B and Colella, Phillip and Glaz, Harland M},
  journal={Journal of computational physics},
  volume={85},
  number={2},
  pages={257--283},
  year={1989},
  publisher={Elsevier}
}

@article{popinet2003gerris,
  title={Gerris: a tree-based adaptive solver for the incompressible Euler equations in complex geometries},
  author={Popinet, St{\'e}phane},
  journal={Journal of computational physics},
  volume={190},
  number={2},
  pages={572--600},
  year={2003},
  publisher={Elsevier}
}

@article{harlow1965numerical,
  title={Numerical calculation of time-dependent viscous incompressible flow of fluid with free surface},
  author={Harlow, Francis H and Welch, J Eddie},
  journal={The physics of fluids},
  volume={8},
  number={12},
  pages={2182--2189},
  year={1965},
  publisher={American Institute of Physics}
}

@article{martin2000cell,
  title={A cell-centered adaptive projection method for the incompressible Euler equations},
  author={Martin, Daniel F and Colella, Phillip},
  journal={Journal of computational Physics},
  volume={163},
  number={2},
  pages={271--312},
  year={2000},
  publisher={Elsevier}
}

@article{van2018towards,
  title={Towards adaptive grids for atmospheric boundary-layer simulations},
  author={Van Hooft, J Antoon and Popinet, St{\'e}phane and Van Heerwaarden, Chiel C and Van der Linden, Steven JA and De Roode, Stephan R and Van de Wiel, Bas JH},
  journal={Boundary-layer meteorology},
  volume={167},
  pages={421--443},
  year={2018},
  publisher={Springer}
}
