@article{1998_Rider,
  title={Reconstructing volume tracking},
  author={Rider, W. J. and Kothe, D. B.},
  journal={Journal of computational physics},
  volume={141},
  number={2},
  pages={112--152},
  year={1998},
  publisher={Elsevier}
}

@article{2003_Scardovelli,
  title={Interface reconstruction with least-square fit and split Eulerian--Lagrangian advection},
  author={Scardovelli, R. and Zaleski, S.},
  journal={International Journal for Numerical Methods in Fluids},
  volume={41},
  number={3},
  pages={251--274},
  year={2003},
  publisher={Wiley Online Library}
}

@article{2003_Popinet,
  title={Gerris: a tree-based adaptive solver for the incompressible Euler equations in complex geometries},
  author={Popinet, S.},
  journal={Journal of computational physics},
  volume={190},
  number={2},
  pages={572--600},
  year={2003},
  publisher={Elsevier}
}

@article{2010_Weymouth,
  title={Conservative volume-of-fluid method for free-surface simulations on cartesian-grids},
  author={Weymouth, G. D. and Yue, D. K-P},
  journal={Journal of Computational Physics},
  volume={229},
  number={8},
  pages={2853--2865},
  year={2010},
  publisher={Elsevier}
}

@book{2011_Gretar,
    title = {Direct Numerical Simulations of Gas-Liquid Multiphase Flows},
    author = {Grétar, T. and Ruben, S. and Zaleski, S.},
    isbn = {9780521782401},
    numpages = {338},
    publisher = {Cambridge University Press},
    year = {2011},
}

@article{2015_Lopez,
    title = {Electrokinetic effects in the breakup of electrified jets: A Volume-Of-Fluid numerical study},
    author = {López-Herrera, J.M. and Gañán-Calvo, A.M. and Popinet, S. and Herrada, M.A.},
    journal = {International Journal of Multiphase Flow},
    volume = {71},
    pages = {14--22},
    year = {2015},
    publisher = {Elsevier},
}

